@article{even2015better,
  title={Better Online Deterministic Packet Routing on Grids},
  author={Even, Guy and Medina, Moti and Patt-Shamir, Boaz},
  journal={CoRR},
  volume={abs/1501.06140},
  year={2015}
}

@incollection{even2011online,
  title={Online packet-routing in grids with bounded buffers},
  author={Even, Guy and Medina, Moti},
  booktitle={Proceedings of the twenty-third annual ACM symposium on Parallelism in algorithms and architectures},
  pages={215--224},
  year={2011}
}

@article{even2016,
  author={Even, Guy and Medina, Moti},
  title={Online Packet-Routing in Grids with Bounded Buffers},
  journal={Algorithmica},
  pages={1--50},
  year={2016}
}

@incollection{buchbinder2006improved,
  title={Improved bounds for online routing and packing via a primal-dual approach},
  author={Buchbinder, Niv and Naor, Joseph},
  booktitle={2006 47th Annual IEEE Symposium on Foundations of Computer Science (FOCS'06)},
  year={2006},
  organization={IEEE}
}

@article{angelov2009network,
  title={The network as a storage device: Dynamic routing with bounded buffers},
  author={Angelov, Stanislav and Khanna, Sanjeev and Kunal, Keshav},
  journal={Algorithmica},
  volume={55},
  pages={71--94},
  year={2009},
  publisher={Springer}
}

@incollection{azar2005packet,
  title={Packet routing and information gathering in lines, rings and trees},
  author={Azar, Yossi and Zachut, Rafi},
  booktitle={European Symposium on Algorithms},
  pages={484--495},
  year={2005},
  organization={Springer}
}

@article{even2010logn,
  title={An O (logn)-Competitive Online Centralized Randomized Packet-Routing Algorithm for Lines},
  author={Even, Guy and Medina, Moti},
  journal={International Colloquium on Automata, Languages, and Programming},
  pages={139--150},
  year={2010},
  organization={Springer}
}

@article{evenM14,
	author    = {Guy Even and Moti Medina},
	title     = {Online Packet-Routing in Grids with Bounded Buffers},
	journal   = {CoRR},
	volume    = {abs/1407.4498},
	year      = {2014}
}

